@article{mcqueen,
title = "Shared-Memory Parallel Vector Implementation of the Immersed Boundary Method for the Computation of Blood Flow in the Beating Mammalian Heart",
author = "Mcqueen, {David M.} and Peskin, {Charles S.}",
year = "1997",
doi = "10.1023/A:1007951707260",
language = "English (US)",
volume = "11",
pages = "213--236",
journal = "Journal of Supercomputing",
issn = "0920-8542",
publisher = "Springer Netherlands",
number = "3",
}

@article{lomholt,
author = {Lomholt, Sune and Maxey, Martin},
year = {2003},
month = {01},
pages = {381-405},
title = {Force-coupling method for particulate two-phase flow: Stokes flow},
volume = {184},
journal = {Journal of Computational Physics},
}

@article{greengard,
author = {Greengard, L.},
title = {Spectral Integration and Two-Point Boundary Value Problems},
journal = {SIAM Journal on Numerical Analysis},
volume = {28},
number = {4},
pages = {1071-1080},
year = {1991},
}

@article{facheux,
  title = {Confined Brownian motion},
  author = {Faucheux, Luc P. and Libchaber, Albert J.},
  journal = {Phys. Rev. E},
  volume = {49},
  issue = {6},
  pages = {5158--5163},
  numpages = {0},
  year = {1994},
  month = {Jun},
  publisher = {American Physical Society},
}

@article{donev,
author = {Delong, Steven and Balboa Usabiaga, Florencio and Donev, Aleksandar},
year = {2015},
month = {06},
pages = {},
title = {Brownian Dynamics of Confined Rigid Bodies},
volume = {143},
journal = {The Journal of Chemical Physics},
doi = {10.1063/1.4932062}
}

@article{brady,
author = {Swan, James and Brady, John},
year = {2007},
month = {11},
pages = {},
title = {Simulation of hydrodynamically interacting particles near a no-slip boundary},
volume = {19},
journal = {Physics of Fluids},
doi = {10.1063/1.2803837}
}
@misc{barnett,
	title={A parallel non-uniform fast Fourier transform library based on an "exponential of semicircle" kernel},
	author={Alex H. Barnett and Jeremy F. Magland and Ludvig af Klinteberg},
	year={2018},
	eprint={1808.06736},
	archivePrefix={arXiv},
	primaryClass={math.NA}
}

@article{peskin,
	title={A Gaussian-like immersed-boundary kernel with three continuous derivatives and improved translational invariance},
	volume={316},
	ISSN={0021-9991},
	url={http://dx.doi.org/10.1016/j.jcp.2016.04.024},
	DOI={10.1016/j.jcp.2016.04.024},
	journal={Journal of Computational Physics},
	publisher={Elsevier BV},
	author={Bao, Yuanxun and Kaye, Jason and Peskin, Charles S.},
	year={2016},
	month={Jul},
	pages={139–144}
}

@article{hasimoto, title={On the periodic fundamental solutions of the Stokes equations and their application to viscous flow past a cubic array of spheres}, volume={5}, DOI={10.1017/S0022112059000222}, number={2}, journal={Journal of Fluid Mechanics}, publisher={Cambridge University Press}, author={Hasimoto, H.}, year={1959}, pages={317–328}}
